@book{Russell,
  author    = {Russell, Stuart J. and Norvig, Peter},
  title     = {Artificial Intelligence: A Modern Approach},
  publisher = {Prentice Hall},
  address   = {Upper Saddle River, NJ, USA},
  edition   = {3rd},
  year      = {2003}
}

@article{TwoGenerals,
  author    = {L. Lamport and R. Shostak and M. Pease},
  title     = {The Byzantine Generals Problem},
  journal   = {ACM Transactions on Programming Languages and Systems},
  volume    = {4},
  number    = {3},
  pages     = {382--401},
  year      = {1982},
  publisher = {ACM}
}

@inproceedings{Transformers,
  author    = {Guan, Wang and Smetannikov, Ivan and Tianxing, Man},
  title     = {Survey on Automatic Text Summarization and Transformer Models Applicability},
  year      = {2020},
  isbn      = {9781450388054},
  publisher = {Association for Computing Machinery},
  address   = {New York, NY, USA},
  url       = {https://doi.org/10.1145/3437802.3437832},
  doi       = {10.1145/3437802.3437832},
  booktitle = {2020 International Conference on Control, Robotics and Intelligent System},
  pages     = {176â€“184},
  numpages  = {9},
  keywords  = {Automatic Text Summarization, Pre-trained language model, Natural Language Processing},
  location  = {Xiamen, China},
  series    = {CCRIS 2020}
}
